month,total_revenue
2022-01,165399.46
2022-02,143913.95
2022-03,161979.78
2022-04,148785.86
2022-05,161212.67
2022-06,140945.99
2022-07,143574.57
2022-08,163105.14
2022-09,151681.09
2022-10,140207.12
2022-11,171095.61
2022-12,168781.17
2023-01,152399.96
2023-02,141988.56
2023-03,153177.33
2023-04,161214.57
2023-05,178169.15
2023-06,168046.41
2023-07,134014.98
2023-08,159934.16
2023-09,175131.18
2023-10,147861.17
2023-11,145491.2
2023-12,187714.71
